
<srw:record>
<srw:recordSchema>marcxchange</srw:recordSchema>
<srw:recordPacking>xml</srw:recordPacking>
<srw:recordData>
<mxc:record xmlns:mxc="info:lc/xmlns/marcxchange-v2" format="UNIMARC" id="ark:/12148/cb36593130v" type="Bibliographic">
<mxc:leader>     cam  22     3  450 </mxc:leader>
<mxc:controlfield tag="001">FRBNF365931300000009</mxc:controlfield>
<mxc:controlfield tag="003">http://catalogue.bnf.fr/ark:/12148/cb36593130v</mxc:controlfield>
<mxc:datafield tag="020" ind1=" " ind2=" ">
<mxc:subfield code="a">FR</mxc:subfield>
<mxc:subfield code="b">58614520</mxc:subfield>
</mxc:datafield>
<mxc:datafield tag="039" ind1=" " ind2=" ">
<mxc:subfield code="o">OPL</mxc:subfield>
<mxc:subfield code="a">005112455</mxc:subfield>
</mxc:datafield>
<mxc:datafield tag="039" ind1=" " ind2=" ">
<mxc:subfield code="o">OPP</mxc:subfield>
<mxc:subfield code="a">33194276</mxc:subfield>
<mxc:subfield code="d">20080305</mxc:subfield>
</mxc:datafield>
<mxc:datafield tag="039" ind1=" " ind2=" ">
<mxc:subfield code="o">OPP</mxc:subfield>
<mxc:subfield code="a">34342272</mxc:subfield>
<mxc:subfield code="d">20080305</mxc:subfield>
</mxc:datafield>
<mxc:datafield tag="100" ind1=" " ind2=" ">
<mxc:subfield code="a">19860101g19641990m  y0frey50      ba</mxc:subfield>
</mxc:datafield>
<mxc:datafield tag="101" ind1="0" ind2=" ">
<mxc:subfield code="a">ger</mxc:subfield>
</mxc:datafield>
<mxc:datafield tag="102" ind1=" " ind2=" ">
<mxc:subfield code="a">DE</mxc:subfield>
</mxc:datafield>
<mxc:datafield tag="105" ind1=" " ind2=" ">
<mxc:subfield code="a">||||a   00|||</mxc:subfield>
</mxc:datafield>
<mxc:datafield tag="106" ind1=" " ind2=" ">
<mxc:subfield code="a">r</mxc:subfield>
</mxc:datafield>
<mxc:datafield tag="200" ind1="1" ind2=" ">
<mxc:subfield code="a">Handbuch der Geschichte der Philosophie</mxc:subfield>
<mxc:subfield code="b">Texte imprimé</mxc:subfield>
<mxc:subfield code="f">Wilhelm Totok</mxc:subfield>
</mxc:datafield>
<mxc:datafield tag="210" ind1=" " ind2=" ">
<mxc:subfield code="a">Frankfurt am Main</mxc:subfield>
<mxc:subfield code="c">V. Klostermann</mxc:subfield>
<mxc:subfield code="d">1964 -1990</mxc:subfield>
</mxc:datafield>
<mxc:datafield tag="215" ind1=" " ind2=" ">
<mxc:subfield code="a">6 vol.</mxc:subfield>
<mxc:subfield code="d">26 cm</mxc:subfield>
</mxc:datafield>
<mxc:datafield tag="606" ind1=" " ind2=" ">
<mxc:subfield code="3">11940254</mxc:subfield>
<mxc:subfield code="a">Philosophie</mxc:subfield>
<mxc:subfield code="x">Histoire</mxc:subfield>
<mxc:subfield code="3">13318324</mxc:subfield>
<mxc:subfield code="x">Bibliographie</mxc:subfield>
<mxc:subfield code="2">rameau</mxc:subfield>
</mxc:datafield>
<mxc:datafield tag="686" ind1=" " ind2=" ">
<mxc:subfield code="a">0</mxc:subfield>
<mxc:subfield code="2">Cadre de classement de la Bibliographie nationale française</mxc:subfield>
</mxc:datafield>
<mxc:datafield tag="700" ind1=" " ind2="|">
<mxc:subfield code="3">12025442</mxc:subfield>
<mxc:subfield code="a">Totok</mxc:subfield>
<mxc:subfield code="b">Wilhelm</mxc:subfield>
<mxc:subfield code="f">1921-....</mxc:subfield>
<mxc:subfield code="4">070</mxc:subfield>
</mxc:datafield>
<mxc:datafield tag="801" ind1=" " ind2="0">
<mxc:subfield code="a">FR</mxc:subfield>
<mxc:subfield code="b">FR-751131015</mxc:subfield>
<mxc:subfield code="c">19860101</mxc:subfield>
<mxc:subfield code="g">AFNOR</mxc:subfield>
<mxc:subfield code="h">FRBNF365931300000009</mxc:subfield>
<mxc:subfield code="2">intermrc</mxc:subfield>
</mxc:datafield>
</mxc:record>      </srw:recordData>
<srw:recordIdentifier>ark:/12148/cb36593130v</srw:recordIdentifier>
<srw:recordPosition>3</srw:recordPosition>
<srw:extraRecordData>
<ixm:attr name="CreationDate">19871004</ixm:attr>
<ixm:attr name="LastValidationDate">20080305</ixm:attr>
<mn:score>4.306687</mn:score>
</srw:extraRecordData>
</srw:record>