
<srw:record>
<srw:recordSchema>marcxchange</srw:recordSchema>
<srw:recordPacking>xml</srw:recordPacking>
<srw:recordData>
<mxc:record xmlns:mxc="info:lc/xmlns/marcxchange-v2" format="UNIMARC" id="ark:/12148/cb36620710w" type="Bibliographic">
<mxc:leader>     cam  22        450 </mxc:leader>
<mxc:controlfield tag="001">FRBNF366207100000002</mxc:controlfield>
<mxc:controlfield tag="003">http://catalogue.bnf.fr/ark:/12148/cb36620710w</mxc:controlfield>
<mxc:datafield tag="010" ind1=" " ind2=" ">
<mxc:subfield code="a">3-465-01677-7</mxc:subfield>
</mxc:datafield>
<mxc:datafield tag="020" ind1=" " ind2=" ">
<mxc:subfield code="a">FR</mxc:subfield>
<mxc:subfield code="b">58610978</mxc:subfield>
</mxc:datafield>
<mxc:datafield tag="039" ind1=" " ind2=" ">
<mxc:subfield code="o">OPL</mxc:subfield>
<mxc:subfield code="a">005066890</mxc:subfield>
</mxc:datafield>
<mxc:datafield tag="100" ind1=" " ind2=" ">
<mxc:subfield code="a">19860101d1985    m  y0frey50      ba</mxc:subfield>
</mxc:datafield>
<mxc:datafield tag="101" ind1="0" ind2=" ">
<mxc:subfield code="a">ger</mxc:subfield>
</mxc:datafield>
<mxc:datafield tag="102" ind1=" " ind2=" ">
<mxc:subfield code="a">DE</mxc:subfield>
</mxc:datafield>
<mxc:datafield tag="105" ind1=" " ind2=" ">
<mxc:subfield code="a">||||z   00|||</mxc:subfield>
</mxc:datafield>
<mxc:datafield tag="106" ind1=" " ind2=" ">
<mxc:subfield code="a">r</mxc:subfield>
</mxc:datafield>
<mxc:datafield tag="200" ind1="1" ind2=" ">
<mxc:subfield code="a">Bibliographischer Wegweiser der philosophischen Literatur</mxc:subfield>
<mxc:subfield code="b">Texte imprimé</mxc:subfield>
<mxc:subfield code="f">Wilhelm Totok. - 2. Aufl. / neubearb. von Horst-Dieter Finke</mxc:subfield>
</mxc:datafield>
<mxc:datafield tag="210" ind1=" " ind2=" ">
<mxc:subfield code="a">Frankfurt am Main</mxc:subfield>
<mxc:subfield code="c">V. Klostermann</mxc:subfield>
<mxc:subfield code="d">1985</mxc:subfield>
</mxc:datafield>
<mxc:datafield tag="215" ind1=" " ind2=" ">
<mxc:subfield code="a">53 p</mxc:subfield>
<mxc:subfield code="d">21 cm</mxc:subfield>
</mxc:datafield>
<mxc:datafield tag="300" ind1=" " ind2=" ">
<mxc:subfield code="a">Index</mxc:subfield>
</mxc:datafield>
<mxc:datafield tag="606" ind1=" " ind2=" ">
<mxc:subfield code="3">11936842</mxc:subfield>
<mxc:subfield code="a">Philosophie</mxc:subfield>
<mxc:subfield code="3">11931665</mxc:subfield>
<mxc:subfield code="x">Bibliographie de bibliographies</mxc:subfield>
<mxc:subfield code="2">rameau</mxc:subfield>
</mxc:datafield>
<mxc:datafield tag="676" ind1=" " ind2=" ">
<mxc:subfield code="a">016.1</mxc:subfield>
<mxc:subfield code="v">23</mxc:subfield>
</mxc:datafield>
<mxc:datafield tag="700" ind1=" " ind2="|">
<mxc:subfield code="3">12025442</mxc:subfield>
<mxc:subfield code="a">Totok</mxc:subfield>
<mxc:subfield code="b">Wilhelm</mxc:subfield>
<mxc:subfield code="f">1921-....</mxc:subfield>
<mxc:subfield code="4">070</mxc:subfield>
</mxc:datafield>
<mxc:datafield tag="702" ind1=" " ind2="|">
<mxc:subfield code="3">12703728</mxc:subfield>
<mxc:subfield code="a">Finke</mxc:subfield>
<mxc:subfield code="b">Horst-Dieter.</mxc:subfield>
<mxc:subfield code="4">340</mxc:subfield>
</mxc:datafield>
<mxc:datafield tag="801" ind1=" " ind2="0">
<mxc:subfield code="a">FR</mxc:subfield>
<mxc:subfield code="b">FR-751131015</mxc:subfield>
<mxc:subfield code="c">19860101</mxc:subfield>
<mxc:subfield code="g">AFNOR</mxc:subfield>
<mxc:subfield code="h">FRBNF366207100000002</mxc:subfield>
<mxc:subfield code="2">intermrc</mxc:subfield>
</mxc:datafield>
<mxc:datafield tag="930" ind1=" " ind2=" ">
<mxc:subfield code="5">FR-751131007:36620710005001</mxc:subfield>
<mxc:subfield code="a">100.16 TOTO b</mxc:subfield>
<mxc:subfield code="b">759999999</mxc:subfield>
<mxc:subfield code="c">Tolbiac - Rez de Jardin - Philosophie, histoire, sciences de l'homme - Salle K - Libre accès</mxc:subfield>
<mxc:subfield code="d">N</mxc:subfield>
</mxc:datafield>
</mxc:record>      </srw:recordData>
<srw:recordIdentifier>ark:/12148/cb36620710w</srw:recordIdentifier>
<srw:recordPosition>6</srw:recordPosition>
<srw:extraRecordData>
<ixm:attr name="CreationDate">19871004</ixm:attr>
<ixm:attr name="LastValidationDate">20130311</ixm:attr>
<mn:score>3.226823</mn:score>
</srw:extraRecordData>
</srw:record>