
<srw:record>
<srw:recordSchema>marcxchange</srw:recordSchema>
<srw:recordPacking>xml</srw:recordPacking>
<srw:recordData>
<mxc:record xmlns:mxc="info:lc/xmlns/marcxchange-v2" format="UNIMARC" id="ark:/12148/cb369665611" type="Bibliographic">
<mxc:leader>     cam  22        450 </mxc:leader>
<mxc:controlfield tag="001">FRBNF369665610000000</mxc:controlfield>
<mxc:controlfield tag="003">http://catalogue.bnf.fr/ark:/12148/cb369665611</mxc:controlfield>
<mxc:datafield tag="010" ind1=" " ind2=" ">
<mxc:subfield code="a">3-465-02871-6</mxc:subfield>
<mxc:subfield code="b">rel.</mxc:subfield>
</mxc:datafield>
<mxc:datafield tag="020" ind1=" " ind2=" ">
<mxc:subfield code="a">FR</mxc:subfield>
<mxc:subfield code="b">59804650</mxc:subfield>
</mxc:datafield>
<mxc:datafield tag="039" ind1=" " ind2=" ">
<mxc:subfield code="o">OPL</mxc:subfield>
<mxc:subfield code="a">023139436</mxc:subfield>
</mxc:datafield>
<mxc:datafield tag="100" ind1=" " ind2=" ">
<mxc:subfield code="a">19971215d1997    m  y0frey50      ba</mxc:subfield>
</mxc:datafield>
<mxc:datafield tag="102" ind1=" " ind2=" ">
<mxc:subfield code="a">DE</mxc:subfield>
</mxc:datafield>
<mxc:datafield tag="105" ind1=" " ind2=" ">
<mxc:subfield code="a">||||a   00|y|</mxc:subfield>
</mxc:datafield>
<mxc:datafield tag="106" ind1=" " ind2=" ">
<mxc:subfield code="a">r</mxc:subfield>
</mxc:datafield>
<mxc:datafield tag="200" ind1="1" ind2=" ">
<mxc:subfield code="a">Handbuch der Geschichte der Philosophie</mxc:subfield>
<mxc:subfield code="b">Texte imprimé</mxc:subfield>
<mxc:subfield code="h">I</mxc:subfield>
<mxc:subfield code="i">Altertum, indische, chinesische, griechisch-römische Philosophie</mxc:subfield>
<mxc:subfield code="f">Wilhelm Totok</mxc:subfield>
<mxc:subfield code="g">Unter Mitarb. von Horst-Dieter Finke und Helmut Schröer</mxc:subfield>
</mxc:datafield>
<mxc:datafield tag="205" ind1=" " ind2=" ">
<mxc:subfield code="a">2., völlig neu bearb. und erw. Aufl.</mxc:subfield>
</mxc:datafield>
<mxc:datafield tag="210" ind1=" " ind2=" ">
<mxc:subfield code="a">Frankfurt am Main</mxc:subfield>
<mxc:subfield code="c">V. Klostermann</mxc:subfield>
<mxc:subfield code="d">1997</mxc:subfield>
</mxc:datafield>
<mxc:datafield tag="215" ind1=" " ind2=" ">
<mxc:subfield code="a">XXXVI-733 p.</mxc:subfield>
<mxc:subfield code="d">26 cm</mxc:subfield>
</mxc:datafield>
<mxc:datafield tag="300" ind1=" " ind2=" ">
<mxc:subfield code="a">Textes en anglais, français, allemand et espagnol</mxc:subfield>
</mxc:datafield>
<mxc:datafield tag="300" ind1=" " ind2=" ">
<mxc:subfield code="a">Index</mxc:subfield>
</mxc:datafield>
<mxc:datafield tag="461" ind1=" " ind2="0">
<mxc:subfield code="0">37136543</mxc:subfield>
<mxc:subfield code="t">Handbuch der Geschichte der Philosophie</mxc:subfield>
<mxc:subfield code="y">3-465-00837-5</mxc:subfield>
<mxc:subfield code="v">1</mxc:subfield>
</mxc:datafield>
<mxc:datafield tag="606" ind1=" " ind2=" ">
<mxc:subfield code="3">11936583</mxc:subfield>
<mxc:subfield code="a">Philosophie orientale</mxc:subfield>
<mxc:subfield code="3">13318324</mxc:subfield>
<mxc:subfield code="x">Bibliographie</mxc:subfield>
<mxc:subfield code="2">rameau</mxc:subfield>
</mxc:datafield>
<mxc:datafield tag="676" ind1=" " ind2=" ">
<mxc:subfield code="a">016.18</mxc:subfield>
<mxc:subfield code="v">23</mxc:subfield>
</mxc:datafield>
<mxc:datafield tag="686" ind1=" " ind2=" ">
<mxc:subfield code="a">1</mxc:subfield>
<mxc:subfield code="2">Cadre de classement de la Bibliographie nationale française</mxc:subfield>
</mxc:datafield>
<mxc:datafield tag="700" ind1=" " ind2="|">
<mxc:subfield code="3">12025442</mxc:subfield>
<mxc:subfield code="a">Totok</mxc:subfield>
<mxc:subfield code="b">Wilhelm</mxc:subfield>
<mxc:subfield code="f">1921-....</mxc:subfield>
<mxc:subfield code="4">070</mxc:subfield>
</mxc:datafield>
<mxc:datafield tag="702" ind1=" " ind2="|">
<mxc:subfield code="3">12703728</mxc:subfield>
<mxc:subfield code="a">Finke</mxc:subfield>
<mxc:subfield code="b">Horst-Dieter.</mxc:subfield>
<mxc:subfield code="4">205</mxc:subfield>
</mxc:datafield>
<mxc:datafield tag="702" ind1=" " ind2="|">
<mxc:subfield code="3">12311661</mxc:subfield>
<mxc:subfield code="a">Schröer</mxc:subfield>
<mxc:subfield code="b">Helmut</mxc:subfield>
<mxc:subfield code="4">205</mxc:subfield>
</mxc:datafield>
<mxc:datafield tag="801" ind1=" " ind2="0">
<mxc:subfield code="a">FR</mxc:subfield>
<mxc:subfield code="b">FR-751131015</mxc:subfield>
<mxc:subfield code="c">19971215</mxc:subfield>
<mxc:subfield code="g">AFNOR</mxc:subfield>
<mxc:subfield code="h">FRBNF369665610000000</mxc:subfield>
<mxc:subfield code="2">intermrc</mxc:subfield>
</mxc:datafield>
<mxc:datafield tag="930" ind1=" " ind2=" ">
<mxc:subfield code="5">FR-751131007:36966561002001</mxc:subfield>
<mxc:subfield code="a">100.16 TOTO h1</mxc:subfield>
<mxc:subfield code="b">759999999</mxc:subfield>
<mxc:subfield code="c">Tolbiac - Rez de Jardin - Philosophie, histoire, sciences de l'homme - Salle K - Libre accès</mxc:subfield>
<mxc:subfield code="d">N</mxc:subfield>
<mxc:subfield code="v">1</mxc:subfield>
</mxc:datafield>
</mxc:record>      </srw:recordData>
<srw:recordIdentifier>ark:/12148/cb369665611</srw:recordIdentifier>
<srw:recordPosition>13</srw:recordPosition>
<srw:extraRecordData>
<ixm:attr name="CreationDate">19971215</ixm:attr>
<ixm:attr name="LastValidationDate">20071213</ixm:attr>
<mn:score>2.6957984</mn:score>
</srw:extraRecordData>
</srw:record>