
<srw:record>
<srw:recordSchema>marcxchange</srw:recordSchema>
<srw:recordPacking>xml</srw:recordPacking>
<srw:recordData>
<mxc:record xmlns:mxc="info:lc/xmlns/marcxchange-v2" format="UNIMARC" id="ark:/12148/cb343325316" type="Bibliographic">
<mxc:leader>     nam  22        450 </mxc:leader>
<mxc:controlfield tag="001">FRBNF343325310000002</mxc:controlfield>
<mxc:controlfield tag="003">http://catalogue.bnf.fr/ark:/12148/cb343325316</mxc:controlfield>
<mxc:datafield tag="039" ind1=" " ind2=" ">
<mxc:subfield code="o">OPL</mxc:subfield>
<mxc:subfield code="a">008497248</mxc:subfield>
</mxc:datafield>
<mxc:datafield tag="100" ind1=" " ind2=" ">
<mxc:subfield code="a">19760101g1976    m  y0frey50      ba</mxc:subfield>
</mxc:datafield>
<mxc:datafield tag="101" ind1="0" ind2=" ">
<mxc:subfield code="a">xxx</mxc:subfield>
</mxc:datafield>
<mxc:datafield tag="102" ind1=" " ind2=" ">
<mxc:subfield code="a">XX</mxc:subfield>
</mxc:datafield>
<mxc:datafield tag="105" ind1=" " ind2=" ">
<mxc:subfield code="a">||||z   00|||</mxc:subfield>
</mxc:datafield>
<mxc:datafield tag="106" ind1=" " ind2=" ">
<mxc:subfield code="a">r</mxc:subfield>
</mxc:datafield>
<mxc:datafield tag="200" ind1="1" ind2=" ">
<mxc:subfield code="a">Gesamtverzeichnis des deutschsprachigen Schrifttums (GV) 1911-1965</mxc:subfield>
<mxc:subfield code="b">Texte imprimé</mxc:subfield>
<mxc:subfield code="f">herausgegeben von Reinhard Oberschelp</mxc:subfield>
<mxc:subfield code="g">bearbeitet unter der Leitung von Willi Gorzny</mxc:subfield>
<mxc:subfield code="g">mit einem Geleitwort von Wilhelm Totok</mxc:subfield>
</mxc:datafield>
<mxc:datafield tag="210" ind1=" " ind2=" ">
<mxc:subfield code="a">München</mxc:subfield>
<mxc:subfield code="c">Verlag Dokumentation</mxc:subfield>
<mxc:subfield code="d">1976-</mxc:subfield>
</mxc:datafield>
<mxc:datafield tag="215" ind1=" " ind2=" ">
<mxc:subfield code="d">31 cm</mxc:subfield>
</mxc:datafield>
<mxc:datafield tag="686" ind1=" " ind2=" ">
<mxc:subfield code="a">34 </mxc:subfield>
<mxc:subfield code="2">Cadre de classement de la Bibliographie nationale française</mxc:subfield>
</mxc:datafield>
<mxc:datafield tag="702" ind1=" " ind2="|">
<mxc:subfield code="3">12028792</mxc:subfield>
<mxc:subfield code="o">ISNI0000000110464181</mxc:subfield>
<mxc:subfield code="a">Oberschelp</mxc:subfield>
<mxc:subfield code="b">Reinhard</mxc:subfield>
<mxc:subfield code="f">1936-....</mxc:subfield>
<mxc:subfield code="4">340</mxc:subfield>
</mxc:datafield>
<mxc:datafield tag="702" ind1=" " ind2="|">
<mxc:subfield code="3">12025442</mxc:subfield>
<mxc:subfield code="a">Totok</mxc:subfield>
<mxc:subfield code="b">Wilhelm</mxc:subfield>
<mxc:subfield code="f">1921-....</mxc:subfield>
<mxc:subfield code="4">080</mxc:subfield>
</mxc:datafield>
<mxc:datafield tag="702" ind1=" " ind2="|">
<mxc:subfield code="3">12024574</mxc:subfield>
<mxc:subfield code="a">Gorzny</mxc:subfield>
<mxc:subfield code="b">Willi</mxc:subfield>
<mxc:subfield code="4">340</mxc:subfield>
</mxc:datafield>
<mxc:datafield tag="801" ind1=" " ind2="0">
<mxc:subfield code="a">FR</mxc:subfield>
<mxc:subfield code="b">FR-751131015</mxc:subfield>
<mxc:subfield code="c">19760101</mxc:subfield>
<mxc:subfield code="g">AFNOR</mxc:subfield>
<mxc:subfield code="h">FRBNF343325310000002</mxc:subfield>
<mxc:subfield code="2">intermrc</mxc:subfield>
</mxc:datafield>
</mxc:record>      </srw:recordData>
<srw:recordIdentifier>ark:/12148/cb343325316</srw:recordIdentifier>
<srw:recordPosition>17</srw:recordPosition>
<srw:extraRecordData>
<ixm:attr name="CreationDate">19900914</ixm:attr>
<ixm:attr name="LastValidationDate">19931210</ixm:attr>
<mn:score>2.1775146</mn:score>
</srw:extraRecordData>
</srw:record>