
<srw:record>
<srw:recordSchema>marcxchange</srw:recordSchema>
<srw:recordPacking>xml</srw:recordPacking>
<srw:recordData>
<mxc:record xmlns:mxc="info:lc/xmlns/marcxchange-v2" format="UNIMARC" id="ark:/12148/cb343040848" type="Bibliographic">
<mxc:leader>     cam  22        450 </mxc:leader>
<mxc:controlfield tag="001">FRBNF343040840000007</mxc:controlfield>
<mxc:controlfield tag="003">http://catalogue.bnf.fr/ark:/12148/cb343040848</mxc:controlfield>
<mxc:datafield tag="020" ind1=" " ind2=" ">
<mxc:subfield code="a">FR</mxc:subfield>
<mxc:subfield code="b">58402392</mxc:subfield>
</mxc:datafield>
<mxc:datafield tag="039" ind1=" " ind2=" ">
<mxc:subfield code="o">OPL</mxc:subfield>
<mxc:subfield code="a">00297898X</mxc:subfield>
</mxc:datafield>
<mxc:datafield tag="100" ind1=" " ind2=" ">
<mxc:subfield code="a">19840101d1979    m  y0frey50      ba</mxc:subfield>
</mxc:datafield>
<mxc:datafield tag="101" ind1="0" ind2=" ">
<mxc:subfield code="a">ita</mxc:subfield>
</mxc:datafield>
<mxc:datafield tag="102" ind1=" " ind2=" ">
<mxc:subfield code="a">IT</mxc:subfield>
</mxc:datafield>
<mxc:datafield tag="105" ind1=" " ind2=" ">
<mxc:subfield code="a">||||z   00|||</mxc:subfield>
</mxc:datafield>
<mxc:datafield tag="106" ind1=" " ind2=" ">
<mxc:subfield code="a">r</mxc:subfield>
</mxc:datafield>
<mxc:datafield tag="200" ind1="1" ind2=" ">
<mxc:subfield code="a">Manuale internazionale di bibliografia</mxc:subfield>
<mxc:subfield code="b">Texte imprimé</mxc:subfield>
<mxc:subfield code="f">Wilhelm Totok, Rolf Weitzel</mxc:subfield>
<mxc:subfield code="g">pref. di Diego Maltese.</mxc:subfield>
</mxc:datafield>
<mxc:datafield tag="205" ind1=" " ind2=" ">
<mxc:subfield code="a">Ed. italiana aggiornata</mxc:subfield>
<mxc:subfield code="f">a cura di Piero Innocenti.</mxc:subfield>
</mxc:datafield>
<mxc:datafield tag="210" ind1=" " ind2=" ">
<mxc:subfield code="a">Milano</mxc:subfield>
<mxc:subfield code="c">Ed. bibliografica</mxc:subfield>
<mxc:subfield code="d">1979-</mxc:subfield>
</mxc:datafield>
<mxc:datafield tag="215" ind1=" " ind2=" ">
<mxc:subfield code="d">21 cm</mxc:subfield>
</mxc:datafield>
<mxc:datafield tag="300" ind1=" " ind2=" ">
<mxc:subfield code="a">Éd. italienne établie d'après la 5e éd. de : Handbuch der bibliographischen Nachschlagenwerbre</mxc:subfield>
</mxc:datafield>
<mxc:datafield tag="606" ind1=" " ind2=" ">
<mxc:subfield code="3">11931665</mxc:subfield>
<mxc:subfield code="a">Bibliographie de bibliographies</mxc:subfield>
<mxc:subfield code="2">rameau</mxc:subfield>
</mxc:datafield>
<mxc:datafield tag="700" ind1=" " ind2="|">
<mxc:subfield code="3">12025442</mxc:subfield>
<mxc:subfield code="a">Totok</mxc:subfield>
<mxc:subfield code="b">Wilhelm</mxc:subfield>
<mxc:subfield code="f">1921-....</mxc:subfield>
<mxc:subfield code="4">070</mxc:subfield>
</mxc:datafield>
<mxc:datafield tag="701" ind1=" " ind2="|">
<mxc:subfield code="3">12675310</mxc:subfield>
<mxc:subfield code="a">Weitzel</mxc:subfield>
<mxc:subfield code="b">Rolf</mxc:subfield>
<mxc:subfield code="4">070</mxc:subfield>
</mxc:datafield>
<mxc:datafield tag="702" ind1=" " ind2="|">
<mxc:subfield code="3">12025443</mxc:subfield>
<mxc:subfield code="a">Innocenti</mxc:subfield>
<mxc:subfield code="b">Piero</mxc:subfield>
<mxc:subfield code="f">1945-....</mxc:subfield>
<mxc:subfield code="4">340</mxc:subfield>
</mxc:datafield>
<mxc:datafield tag="702" ind1=" " ind2="|">
<mxc:subfield code="3">12025444</mxc:subfield>
<mxc:subfield code="a">Maltese</mxc:subfield>
<mxc:subfield code="b">Diego</mxc:subfield>
<mxc:subfield code="f">1928-....</mxc:subfield>
<mxc:subfield code="4">080</mxc:subfield>
</mxc:datafield>
<mxc:datafield tag="801" ind1=" " ind2="0">
<mxc:subfield code="a">FR</mxc:subfield>
<mxc:subfield code="b">FR-751131015</mxc:subfield>
<mxc:subfield code="c">19840101</mxc:subfield>
<mxc:subfield code="g">AFNOR</mxc:subfield>
<mxc:subfield code="h">FRBNF343040840000007</mxc:subfield>
<mxc:subfield code="2">intermrc</mxc:subfield>
</mxc:datafield>
</mxc:record>      </srw:recordData>
<srw:recordIdentifier>ark:/12148/cb343040848</srw:recordIdentifier>
<srw:recordPosition>19</srw:recordPosition>
<srw:extraRecordData>
<ixm:attr name="CreationDate">19860720</ixm:attr>
<ixm:attr name="LastValidationDate">20121024</ixm:attr>
<mn:score>2.1775146</mn:score>
</srw:extraRecordData>
</srw:record>